@book{01_QuantumComputationAndQuantumInformation,
    title={Quantum computation and quantum information},
    author={Nielsen, Michael A and Chuang, Isaac L},
    year={2010},
    publisher={Cambridge university press}
}
@article{02_ImprovedSimulationOfStabilizerCircuits,
    title={Improved simulation of stabilizer circuits},
    author={Aaronson, Scott and Gottesman, Daniel},
    journal={Physical Review Aâ€”Atomic, Molecular, and Optical Physics},
    year={2004},
    publisher={APS}
}
