@book{01_QuantumComputationAndQuantumInformation,
    title = {Quantum computation and quantum information},
    author = {Nielsen, Michael A and Chuang, Isaac L},
    year = {2010},
    publisher = {Cambridge university press}
}

@article{02_ImprovedSimulationOfStabilizerCircuits,
    title = {Improved simulation of stabilizer circuits},
    author = {Aaronson, Scott and Gottesman, Daniel},
    journal = {Physical Review Aâ€”Atomic, Molecular, and Optical Physics},
    volume = {70},
    number = {5},
    pages = {052328},
    year = {2004},
    publisher = {APS}
}

@article{03_TheClassificationOfCliffordGatesOverQubits,
    title = {The classification of clifford gates over qubits},
    author = {Grier, Daniel and Schaeffer, Luke},
    journal = {Quantum},
    volume = {6},
    pages = {734},
    year = {2022},
    publisher = {Verein zur F{\"o}rderung des Open Access Publizierens in den Quantenwissenschaften}
}

